@article{koide2025structured,
  title={Structured Dialogue: A Framework for Persistent Human-AI Collaborative Intelligence},
  author={Koide, Shin},
  year={2025},
  publisher={GitHub/Zenodo},
  doi={10.5281/zenodo.XXXXX}
}